% This file was created with JabRef 2.10.
% Encoding: Cp1252


@TechReport{areosa_target,
  Title                    = {Targets and Inflation Dynamics},
  Author                   = {Alves, Sergio A. Lago and Areosa, Waldyr},
  Institution              = {Banco Central do Brasil},
  Year                     = {2005},

  File                     = {:refs\\SSRN-id872440.pdf:PDF},
  Series                   = {Working Paper Series},
	Owner                    = {Gustavo},
  Timestamp                = {2015.04.12}
}

@Article{areosa_econometrics,
  Title                    = {Moment-based estimation of smooth transition regression models with endogenous variables},
  Author                   = {Areosa, Waldyr Dutra and McAleer, Michael and Medeiros, Marcelo C.},
  Journal                  = {Journal of Econometrics},
  Year                     = {2011},
  Pages                    = {100-111},
  Volume                   = {165(1)},

  File                     = {:refs\\Areosa, McAleer, and Medeiros (JoE, 2011).pdf:PDF},
  Owner                    = {Gustavo},
  Timestamp                = {2015.04.12}
}

@Article{bevilaqua_transmission,
  Title                    = {Transmission Mechanisms for Monetary Policy in Emerging Market Economies},
  Author                   = {Bevilaqua, Afonso and Mesquita, Mário and Minella, André},
  Journal                  = {Bank for International Settlements},
  Year                     = {2007},
  Note                     = {Paper n. 35},

  File                     = {:refs\\bispap35.pdf:PDF},
  Owner                    = {Gustavo},
  Timestamp                = {2015.04.12}
}

@TechReport{clarida_monetary_rules,
  Title                    = {Monetary Policy Rules in Practice: Some International Evidence},
  Author                   = {Richard Clarida and Jordi Gali and Mark Gertler},
  Institution              = {National Bureau of Economic Research},
  Year                     = {1997},
  Month                    = {November},
  Number                   = {6254},
  Type                     = {Working Paper},

  File                     = {:refs\\eer98.pdf:PDF},
  Series                   = {Working Paper Series},
  Url                      = {http://www.nber.org/papers/w6254}
}

